@article{StycyAntr21,
  title={Are ratings in the eye of the beholder? A non-technical primer on many facet {R}asch measurement to evaluate rater effects on teacher behavior rating scales},
  author={Styck, Kara M and Anthony, Christopher J and Flavin, Angela and Riddle, David and LaBelle, Brittany},
  journal={Journal of School Psychology},
  volume={86},
  pages={198--221},
  year={2021},
  publisher={Elsevier}
}

@article{ZeilyHoth08,
  title={Model-based recursive partitioning},
  author={Zeileis, Achim and Hothorn, Torsten and Hornik, Kurt},
  journal={Journal of Computational and Graphical Statistics},
  volume={17},
  number={2},
  pages={492--514},
  year={2008},
  publisher={Taylor \& Francis}
}

@article{Demi09,
  title={Early childhood intervention and life-cycle skill development: Evidence from {H}ead {S}tart},
  author={Deming, David},
  journal={American Economic Journal: Applied Economics},
  volume={1},
  number={3},
  pages={111--134},
  year={2009},
  publisher={American Economic Association}
}

@article{StroyKopf15,
  title={Rasch trees: A new method for detecting differential item functioning in the {R}asch model},
  author={Strobl, Carolin and Kopf, Julia and Zeileis, Achim},
  journal={Psychometrika},
  volume={80},
  pages={289--316},
  year={2015},
  publisher={Springer}
}

@article{HennyDeba23,
  title={A New Stopping Criterion for {R}asch Trees Based on the {M}antel--{H}aenszel Effect Size Measure for Differential Item Functioning},
  author={Henninger, Mirka and Debelak, Rudolf and Strobl, Carolin},
  journal={Educational and Psychological Measurement},
  volume={83},
  number={1},
  pages={181--212},
  year={2023},
  publisher={Sage Publications Sage CA: Los Angeles, CA}
}

@article{KomboyStrob18,
  title={Tree-based global model tests for polytomous {R}asch models},
  author={Komboz, Basil and Strobl, Carolin and Zeileis, Achim},
  journal={Educational and Psychological Measurement},
  volume={78},
  number={1},
  pages={128--166},
  year={2018},
  publisher={Sage Publications Sage CA: Los Angeles, CA}
}

@article{AnthyDiPe16,
  title={Maximizing measurement efficiency of behavior rating scales using item response theory: An example with the social skills improvement system—teacher rating scale},
  author={Anthony, Christopher J and DiPerna, James C and Lei, Pui-Wa},
  journal={Journal of School Psychology},
  volume={55},
  pages={57--69},
  year={2016},
  publisher={Elsevier}
}

@article{Luth92,
  title={Review of the {P}eabody {I}ndividual {A}chievement {T}est-{R}evised},
  author={Luther, James B},
  journal={Journal of School Psychology},
  volume={30},
  number={1},
  pages={31--39},
  year={1992},
  publisher={Elsevier}
}

@article{Mall97,
  title={Deafness and {WISC-III} item difficulty: Invariance and fit},
  author={Maller, Susan J},
  journal={Journal of School Psychology},
  volume={35},
  number={3},
  pages={299--314},
  year={1997},
  publisher={Elsevier}
}

@article{AyalySant17,
  title={An introduction to mixture item response theory models},
  author={De Ayala, RJ and Santiago, SY},
  journal={Journal of School Psychology},
  volume={60},
  pages={25--40},
  year={2017},
  publisher={Elsevier}
}

@article{FokkySmit18,
  title={Detecting treatment-subgroup interactions in clustered data with generalized linear mixed-effects model trees},
  author={Fokkema, Marjolein and Smits, Niels and Zeileis, Achim and Hothorn, Torsten and Kelderman, Henk},
  journal={Behavior Research Methods},
  volume={50},
  pages={2016--2034},
  year={2018},
  publisher={Springer}
}

@manual{Boyl94,
  title={Self-{D}escription {Q}uestionnaire {II}},
  author={Boyle, Gregory J},
  year={1994},
  publisher={{PRO-ED}}
}

@dataset{NCES10,
  title = {Early {C}hildhood {L}ongitudinal {S}tudy {P}rogram: Kindergarten Class of 1998--1999 ({ECLS-K})},
  year = {2010},
  author = {{National Center for Education Statistics}},
  url = {https://nces.ed.gov/ecls/kindergarten.asp},
}


@book{DebStrZei:2022:CRC,
	title            = {{A}n Introduction to the {R}asch Model with Examples in {R}},
	author           = {Debelak, Rudolf and Strobl, Carolin and Zeigenfuse, Matthew D},
	publisher        = {Chapman \& Hall/CRC},
	pages            = {322},
	year             = {2022},
	doi              = {10.1201/9781315200620},
	url              = {https://www.taylorfrancis.com/books/mono/10.1201/9781315200620/introduction-rasch-model-examples-carolin-strobl-matthew-zeigenfuse-rudolf-debelak},
}

@Article{StrMalTut:2009:PM,
	title            = {{A}n Introduction to Recursive Partitioning: {R}ationale, Application and Characteristics of Classification and Regression Trees, Bagging and Random Forests},
	author           = {Strobl, Carolin and Malley, James and Tutz, Gerhard},
	journal          = {Psychological Methods},
	volume           = {14},
	number           = {4},
	pages            = {323--348},
	year             = {2009},
	doi              = {10.5282/ubm/epub.10589},
}

@inproceedings{FriStrZei:2014,
	title            = {{T}o Split or to Mix? {T}ree vs. {M}ixture Models for Detecting Subgroups},
	booktitle        = {COMPSTAT 2014 -- Proceedings in Computational Statistics},
	author           = {Frick, Hannah and Strobl, Carolin and Zeiles, Achim},
	editor           = {Manfred Gilli and Gil González-Rodríguez and Alicia Nieto-Reyes},
	publisher        = {The International Statistical Institute/International Association for Statistical Computing},
	pages            = {379--386},
	year             = {2014},
}

@Article{FriStrZei:2015:EaPM,
	title            = {{R}asch Mixture Models for {DIF} Detection: {A} Comparison of Old and New Score Specifications},
	author           = {Frick, Hannah and Strobl, Carolin and Zeileis, Achim},
	journal          = {Educational and Psychological Measurement},
	volume           = {75},
	number           = {2},
	pages            = {208--234},
	year             = {2015},
	doi              = {10.1177/0013164414536183},
	techreport       = {http://eeecon.uibk.ac.at/~zeileis/papers/Frick+Strobl+Zeileis-2015.pdf},
}

